@misc{ wiki:avro,
  author = {{Wikipedia}},
  title = "Apache Avro",
  year = "2017",
  url = "https://en.wikipedia.org/wiki/Apache_Avro"
}

@misc{ linkedin:brokers,
  author = {{Joel Koshy}},
  title = "Kafka Ecosystem at LinkedIn",
  year = "2016",
  url = "https://engineering.linkedin.com/blog/2016/04/kafka-ecosystem-at-linkedin"
}